@article{miquelteorias,
  title={TEOR{\'I}AS Y MODELOS: UNA INTRODUCCI{\'O}N A LA L{\'O}GICA DE PRIMER ORDEN},
  author={MIQUEL, ALEXANDRE},
  url={https://www.fing.edu.uy/~amiquel/fundamentos/teoriasymodelos.pdf}
  }
@misc{lodepe,
  title={LOGICA DE PREDICADOS - SOLUCIONES MATEMATICAS DISCRETAS},
  url={https://sites.google.com/site/mathematicasdiscretesolutions/logica-de-po},
  journal={Google Sites},
  author={Anonimo, Anonimo},
  year={2010}
  }
 @misc{barceló,
  title={Tablas de Verdad},
  url={http://www.filosoficas.unam.mx/~abarcelo/INTENSIONAL/2012/260312.pdf},
  author={Barceló , Axel Arturo}
  }
 @misc{wikipedia_2020,
  title={Premisa},
  url={https://es.wikipedia.org/wiki/Premisa},
  journal={Wikipedia},
  publisher={Wikimedia Foundation},
  year={2020},
  month={Nov}
  }
 @misc{wikipedia_2020,
  title={Conclusión},
  url={https://es.wikipedia.org/wiki/Conclusi\%C3\%B3n},
  journal={Wikipedia},
  publisher={Wikimedia Foundation},
  year={2020},
  month={Nov}
  }
@book{brayton1984logic,
  title={Logic minimization algorithms for VLSI synthesis},
  author={Brayton, Robert K and Hachtel, Gary D and McMullen, Curt and Sangiovanni-Vincentelli, Alberto},
  volume={2},
  year={1984},
  publisher={Springer Science \& Business Media}
}

